@InProceedings{ macri00,
  author =       "D. Macri",
  title =        "Real-Time Cloth",
  booktitle =    "Game Developers Conference Proceedings",
  year =         "2000"
}

@InProceedings{ baraff98,
  author =       "D. Baraff and A. Witkin",
  title =        "Large Steps in Cloth Simulation",
  booktitle =    "ACM SIGGRAPH Conference Proceedings",
  year =         "1998",
  pages =        "43--54",
}
